%% This BibTeX bibliography file was created using BibDesk.
%% http://www.cs.ucsd.edu/~mmccrack/bibdesk.html


%% Created for Joseph C. Slater at 2011-12-19 08:42:26 -0500 


%% Saved with string encoding Unicode (UTF-8) 

@article{saif2013evaluation,
  title={Evaluation datasets for Twitter sentiment analysis: a survey and a new dataset, the STS-Gold},
  author={Saif, Hassan and Fernandez, Miriam and He, Yulan and Alani, Harith},
  year={2013}
}

@misc{sent1,
  author={brnrd.me},
  title = {SENTIMENT ANALYSIS: WHY ITâ€™S NEVER 100% ACCURATE},
  howpublished = {\url{http://brnrd.me/sentiment-analysis-never-accurate}},
  note = {Accessed: 2016-04-16}
}
@misc{sent2,
  author={brnrd.me},
  title = {ON SOCIAL SENTIMENT AND SENTIMENT ANALYSIS},
  howpublished = {\url{http://brnrd.me/social-sentiment-sentiment-analysis}},
  note = {Accessed: 2016-04-16}
}
@misc{mashable,
  author={Mashable},
  title = {How Companies Can Use Sentiment Analysis to Improve Their Business},
  howpublished = {\url{http://mashable.com/2010/04/19/sentiment-analysis}},
  note = {Accessed: 2016-04-16}
}